@article{seaman2013review,
  title={Review of inverse probability weighting for dealing with missing data},
  author={Seaman, Shaun R and White, Ian R},
  journal={Statistical methods in medical research},
  volume={22},
  number={3},
  pages={278--295},
  year={2013},
  publisher={Sage Publications Sage UK: London, England}
}
@article{macdonald1914mechanical,
  title={The Mechanical Efficiency of Man},
  author={Macdonald, JS},
  journal={Proc. Phys. Soc. in Journ. of Physiol},
  volume={48},
  year={1914}
}
@article{greenwood1918efficiency,
  title={On the efficiency of muscular work},
  author={Greenwood, M and TF, Captain RAMC},
  journal={Proc. R. Soc. Lond. B},
  volume={90},
  number={627},
  pages={199--214},
  year={1918},
  publisher={The Royal Society}
}
@book{rubin2004multiple,
  title={Multiple imputation for nonresponse in surveys},
  author={Rubin, Donald B},
  volume={81},
  year={2004},
  publisher={John Wiley \& Sons}
}